@IEEEtranBSTCTL{IEEEexample:BSTcontrol,
CTLuse_forced_etal       = "yes",
CTLmax_names_forced_etal = "3",
CTLnames_show_etal       = "2" }

@article{bfm01,
  author    = {Farivar, Masoud and Low, Steven H.},
  title     = {{Branch Flow Model: Relaxations and Convexification{\ifmmode---\else\textemdash\fi}Part I}},
  journal   = {IEEE Trans. Power Syst.},
  volume    = {28},
  number    = {3},
  pages     = {2554--2564},
  year      = {2013},
  month     = apr,
  publisher = {IEEE},
  doi       = {10.1109/TPWRS.2013.2255317}
}

@article{ddp_sugar_01,
  author    = {Agarwal, Aayushya and Pileggi, Larry},
  title     = {{Large Scale Multi-Period Optimal Power Flow With Energy Storage Systems Using Differential Dynamic Programming}},
  journal   = {IEEE Trans. Power Syst.},
  volume    = {37},
  number    = {3},
  pages     = {1750--1759},
  year      = {2021},
  month     = sep,
  issn      = {1558-0679},
  publisher = {IEEE},
  doi       = {10.1109/TPWRS.2021.3115636}
}

@article{Nazir2019Jun,
  author  = {Nazir, Nawaf and Racherla, Pavan and Almassalkhi, Mads},
  title   = {{Optimal multi-period dispatch of distributed energy resources in unbalanced distribution feeders}},
  journal = {arXiv},
  year    = {2019},
  month   = jun,
  eprint  = {1906.04108},
  doi     = {10.48550/arXiv.1906.04108}
}

@article{Nazir2018Jun,
  author    = {Nazir, Nawaf and Almassalkhi, Mads},
  title     = {{Receding-Horizon Optimization of Unbalanced Distribution Systems with Time-Scale Separation for Discrete and Continuous Control Devices}},
  booktitle = {{2018 Power Systems Computation Conference (PSCC)}},
  journal   = {2018 Power Systems Computation Conference (PSCC)},
  pages     = {1--7},
  year      = {2018},
  month     = jun,
  publisher = {IEEE},
  doi       = {10.23919/PSCC.2018.8442555}
}

@incollection{Qian2014Jul,
  author    = {Qian, Xiaodong and Zhu, Yuanguo},
  title     = {{Differential Dynamic Programming for Multistage Uncertain Optimal Control}},
  booktitle = {{2014 Seventh International Joint Conference on Computational Sciences and Optimization}},
  journal   = {2014 Seventh International Joint Conference on Computational Sciences and Optimization},
  pages     = {88--92},
  year      = {2014},
  month     = jul,
  publisher = {IEEE},
  doi       = {10.1109/CSO.2014.25}
}

@incollection{Jha2024,
  author    = {Jha, Aryan Ritwajeet and Paul, Subho and Dubey, Anamika},
  title     = {{Analyzing the Performance of Linear and Nonlinear Multi -Period Optimal Power Flow Models for Active Distribution Networks}},
  booktitle = {{2025 IEEE North-East India International Energy Conversion Conference and Exhibition (NE-IECCE)}},
  journal   = {Published in: 2025 IEEE North-East India International Energy Conversion Conference and Exhibition (NE-IECCE)},
  pages     = {04--06},
  publisher = {IEEE},
  doi       = {10.1109/NE-IECCE64154.2025.11183479}
}

@incollection{Jha2025,
  author    = {Jha, Aryan Ritwajeet and Paul, Subho and Dubey, Anamika},
  title     = {{Spatially Distributed Multi-Period Optimal Power Flow with Battery Energy Storage Systems}},
  booktitle = {{2024 56th North American Power Symposium (NAPS)}},
  journal   = {Published in: 2024 56th North American Power Symposium (NAPS)},
  pages     = {13--15},
  publisher = {IEEE},
  doi       = {10.1109/NAPS61145.2024.10741846}
}

@phdthesis{safdarian2020,
  author = {Farnaz Safdarian},
  title  = {Temporal Decomposition for Multi-Interval Optimization in Power Systems},
  school = {Louisiana State University},
  year   = {2020},
  url    = {https://repository.lsu.edu/gradschool_dissertations/5259/}
}

@article{avramidis2020,
  author  = {S. Avramidis and V. Capitanescu and G. Deconinck},
  title   = {A Comprehensive Multi-Period Optimal Power Flow Framework for Smart Low-Voltage Distribution Networks},
  journal = {Electric Power Systems Research},
  year    = {2020},
  url     = {https://www.semanticscholar.org/paper/A-Comprehensive-Multi-Period-Optimal-Power-Flow-for-Avramidis-Capitanescu/855909aa8be22145a48e85c9e6620283dc7ecd95}
}

@inproceedings{gopalakrishnan2013,
  author    = {R. Gopalakrishnan and S. Sojoudi and M. V. V. S. S. Rao and R. Madani and J. Lavaei},
  title     = {Global Optimization of Multi-Period Optimal Power Flow},
  booktitle = {Proceedings of the American Control Conference},
  year      = {2013},
  url       = {https://www.merl.com/publications/docs/TR2013-066.pdf}
}

@article{mpopf2021,
  author  = {G. Valverde and E. M. G. de Oliveira and A. M. V. de Lara and J. R. S. Peres and N. Favilla},
  title   = {Multiperiod Optimum Power Flow for Active Distribution Networks Incorporating Distributed Generation and Energy Storage Systems},
  journal = {IEEE Transactions on Industry Applications},
  year    = {2021},
  url     = {https://ieeexplore.ieee.org/document/9502092/}
}

@article{gpuopf2024,
  author  = {J. D. Sillanpää et al.},
  title   = {Scalable Multi-Period AC Optimal Power Flow Utilizing GPUs},
  journal = {arXiv preprint arXiv:2405.14032},
  year    = {2024},
  url     = {https://arxiv.org/abs/2405.14032}
}

@article{mpopfstorage2021,
  author  = {A. G. Bakirtzis et al.},
  title   = {Large Scale Multi-Period Optimal Power Flow With Energy Storage},
  journal = {IEEE Transactions on Power Systems},
  year    = {2021},
  url     = {https://ieeexplore.ieee.org/document/9549701/}
}

@article{largevopfw2021,
  author  = {A. G. Bakirtzis et al.},
  title   = {Large Scale Multi-Period Optimal Power Flow With Energy Storage},
  journal = {IEEE Transactions on Power Systems},
  year    = {2021},
  url     = {https://ieeexplore.ieee.org/document/9549701/}
}

@incollection{Gan,
  author    = {Gan, Lingwen and Topcu, Ufuk and Low, Steven H.},
  title     = {{Convex Relaxation of Optimal Power Flow Part I: Formulations and Equivalence}},
  booktitle = {{IEEE Transactions on Power Systems}},
  year      = {2015},
  volume    = {30},
  number    = {1},
  pages     = {290--301},
  doi       = {10.1109/TPWRS.2014.2336532}
}

@article{Gabash,
  author  = {S. Gabash and P. Li},
  title   = {Active-Reactive Optimal Power Flow with Battery Energy Storage in Distribution Systems},
  journal = {IEEE Transactions on Power Systems},
  year    = {2013},
  volume  = {28},
  number  = {3},
  pages   = {2637-2646},
  doi     = {10.1109/TPWRS.2013.2259263}
}

@article{Alizadeh,
  author  = {Mahdi Alizadeh and Valentin Capitanescu},
  title   = {Stochastic Security-Constrained Multi-Period Optimal Power Flow},
  journal = {Electric Power Systems Research},
  volume  = {189},
  pages   = {106660},
  year    = {2020},
  doi     = {10.1016/j.epsr.2020.106660}
}

@article{Usman,
  author  = {Usman, M. and Capitanescu, V.},
  title   = {Multi-Period AC Optimal Power Flow: Formulations and Solution Methods},
  journal = {IEEE Transactions on Power Systems},
  volume  = {32},
  number  = {4},
  pages   = {3268-3277},
  year    = {2017},
  doi     = {10.1109/TPWRS.2016.2627885}
}

@article{Aghdam,
  author  = {Amin R. Aghdam and Mohammad Shahidehpour},
  title   = {Optimal Battery Scheduling for Renewable Integration Using Model Predictive Control},
  journal = {IEEE Transactions on Sustainable Energy},
  volume  = {10},
  number  = {1},
  pages   = {211-220},
  year    = {2019},
  doi     = {10.1109/TSTE.2018.2857834}
}

@article{Zhang1,
  author  = {Xiaolong Zhang and Xiangkang Yuan and Jianhua Zhang},
  title   = {A Robust Bi-Level Multi-Period Optimal Dispatch Method for Distribution Networks with DERs},
  journal = {IEEE Transactions on Power Systems},
  volume  = {36},
  number  = {3},
  pages   = {2306-2316},
  year    = {2021},
  doi     = {10.1109/TPWRS.2020.3029931}
}

@article{Wu,
  author  = {L. Wu et al.},
  title   = {Benders Decomposition Based Multi-Period Distributed Optimal Power Flow for Distribution Networks},
  journal = {Electric Power Systems Research},
  volume  = {198},
  pages   = {107440},
  year    = {2021},
  doi     = {10.1016/j.epsr.2021.107440}
}

@article{opf_review,
  author  = {Cain, Michael B. and O\'Neill, Richard P. and Castillo, Andrea},
  title   = {History of Optimal Power Flow and Formulations},
  journal = {Federal Energy Regulatory Commission Staff Technical Paper},
  year    = {2012},
  url     = {https://www.ferc.gov/sites/default/files/2020-05/acopf-1-history-formulations-paper.pdf}
}

@article{der_review,
  author  = {Lund, Henrik and Lindgren, Johan and Mikkola, Jarmo and Salgi, Georges},
  title   = {Review of contemporary Distributed Energy Resources: Economics, regulation, and integration},
  journal = {Renewable and Sustainable Energy Reviews},
  volume  = {45},
  pages   = {284-294},
  year    = {2015},
  doi     = {10.1016/j.rser.2015.01.076}
}

@article{metaheuristic_opf,
  author  = {Bansal, Ajay K. and Singh, S. N. and Srivastava, S. C.},
  title   = {Optimal Power Flow Using Particle Swarm Optimization},
  journal = {Electric Power Components and Systems},
  volume  = {37},
  number  = {5},
  pages   = {579-597},
  year    = {2009},
  doi     = {10.1080/15325000802588008}
}

@article{LinDistFlow,
  author  = {Baran, Mesut E. and Wu, Felix F.},
  title   = {Optimal Capacitor Placement on Radial Distribution Systems},
  journal = {IEEE Transactions on Power Delivery},
  volume  = {4},
  number  = {1},
  pages   = {725-734},
  year    = {1989},
  doi     = {10.1109/61.19265}
}

@misc{admm_boyd_website,
  title = {{ADMM}},
  year  = {2025},
  month = oct,
  note  = {[Online; accessed 28. Oct. 2025]},
  url   = {https://stanford.edu/~boyd/admm.html}
}

@misc{admm_cmu_notes,
  title = {{Index of /{\textasciitilde}ryantibs/convexopt-F16/lectures}},
  year  = {2025},
  month = oct,
  note  = {[Online; accessed 28. Oct. 2025]},
  url   = {https://www.stat.cmu.edu/~ryantibs/convexopt-F16/lectures}
}

----------------------------------------------------------------
